<record><leader>00000cas a22000007a 4500</leader><controlfield tag="001">16077423</controlfield><controlfield tag="008">870626d19031905iauwr ne      0    0eng d</controlfield><controlfield tag="009">5087</controlfield><datafield ind1=" " ind2=" " tag="010"><subfield code="a">sn 87058400 </subfield></datafield><datafield ind1=" " ind2=" " tag="040"><subfield code="a">INP</subfield><subfield code="b">eng</subfield><subfield code="c">INP</subfield><subfield code="d">OCLCQ</subfield></datafield><datafield ind1=" " ind2=" " tag="042"><subfield code="a">msc</subfield></datafield><datafield ind1="0" ind2="4" tag="245"><subfield code="a">The Sumner journal.</subfield></datafield><datafield ind1=" " ind2=" " tag="260"><subfield code="a">Sumner, Iowa :</subfield><subfield code="b">Alvin M. Hendee,</subfield><subfield code="c">1903-1905.</subfield></datafield><datafield ind1=" " ind2=" " tag="300"><subfield code="a">3 v.</subfield></datafield><datafield ind1=" " ind2=" " tag="310"><subfield code="a">Weekly</subfield></datafield><datafield ind1="0" ind2=" " tag="362"><subfield code="a">Vol. 1, no. 1 (Sept. 3, 1903)-v. 3, no. 33 (Aug. 17, 1905).</subfield></datafield><datafield ind1=" " ind2=" " tag="752"><subfield code="a">United States</subfield><subfield code="b">Iowa</subfield><subfield code="c">Bremer</subfield><subfield code="d">Sumner.</subfield></datafield></record>